 @article{ACHUTHAN:96,
  title={A new subtour elimination constraint for the vehicle routing problem},
  author={Achuthan, NR and Caccetta, L and Hill, SP},
  journal={European Journal of Operational Research},
  volume={91},
  number={3},
  pages={573--586},
  year={1996},
  publisher={Elsevier}
}
 
 @article{AMORIM:14,
  title={A rich vehicle routing problem dealing with perishable food: a case study},
  author={Amorim, Pedro and Parragh, Sophie N and Sperandio, Fabr{\'\i}cio and Almada-Lobo, Bernardo},
  journal={Top},
  volume={22},
  pages={489--508},
  year={2014},
  publisher={Springer}
}

 @book{APPLEGATE:11,
  title={The Traveling Salesman Problem: A Computational Study},
  author={Applegate, D.L. and Bixby, R.E. and Chv{\'a}tal, V. and Cook, W.J.},
  isbn={9781400841103},
  lccn={2006931528},
  series={Princeton Series in Applied Mathematics},
  url={https://books.google.com.br/books?id=zfIm94nNqPoC},
  year={2011},
  publisher={Princeton University Press}
}

 @article{BAPTISTA:02,
title = {A period vehicle routing case study},
journal = {European Journal of Operational Research},
volume = {139},
number = {2},
pages = {220-229},
year = {2002},
note = {EURO XVI: O.R. for Innovation and Quality of Life},
issn = {0377-2217},
doi = {https://doi.org/10.1016/S0377-2217(01)00363-0},
url = {https://www.sciencedirect.com/science/article/pii/S0377221701003630},
author = {Susana Baptista and Rui Carvalho Oliveira and Eduardo Zúquete},
keywords = {Routing, Period vehicle routing, Heuristic, Assignment},
abstract = {The period vehicle routing problem is a multilevel problem assembling two classical problems: the assignment problem and the vehicle routing problem. Collection days have to be assigned to each customer and vehicle routes have to be designed for each day of the period (time horizon) so that the total distribution cost is minimised. The interaction between the temporal and spatial aspects turns the problem into one of the most challenging variations of vehicle routing. In this paper, we present the study of a real period vehicle routing system: the collection of recycling paper containers in the City Council of Almada, Portugal.}
}

@book{BAZARAA:10,
  year      = {2010},
  author    = {Mokhtar S. Bazaraa and John J. Jarvis and Hanif D. Sherali}, 
  title     = {Linear Programming and Network Flows},
  publisher = {Wiley},
  address   = {Hoboken, New Jersey},
  edition   = 4,
  isbn      = {978-0-470-46272-0}
}

@article{BAZRAFSHAN:21,
author = {Bazrafshan, Ramin and Zolfani, Sarfaraz and Mirzapour Al-e-hashem, S.M.J.},
year = {2021},
month = {02},
pages = {19},
title = {Comparison of the Sub-Tour Elimination Methods for the Asymmetric Traveling Salesman Problem Applying the SECA Method},
volume = {10},
journal = {Axioms},
doi = {10.3390/axioms10010019}
}

@misc{BEASLEY,
title={LP Relaxation},
author={John E. Beasley},
url={http://people.brunel.ac.uk/~mastjjb/jeb/or/lprelax.html},
note="Acessado em 18 jul 2023"}

@online{BÉKÉSI:09,
 author  = {Peter Békési},
 title   = {A adult pet Black-headed Caique walking on a wooden floor.},
 year    = {2009},
 url     = {https://commons.wikimedia.org/wiki/File:Pionites_melanocephalus_-pet_walking_on_wooden_floor-8a.jpg},
 note    = "Acessado em 29 jul 2023"
}

  @book{BERTSIMAS:97,
  year      = {1997},
  author    = {Dimitris Bertsimas and John N. Tsitsiklis}, 
  title     = {Introduction to Linear Optimization},
  publisher = {Athena Scientific and Dynamic Ideas},
  address   = {Belmont, Massachusetts},
  edition   = 4,
  isbn      = {978-1-886529-19-9}
}
  
@misc{BLOOMBERG:18,
  title={Electric buses in cities report: Driving Towards Cleaner Air and Lower CO₂},
  url={https://data.bloomberglp.com/bnef/sites/14/2018/05/Electric-Buses-in-Cities-Report-BNEF-C40-Citi.pdf},
  journal={Bloomberg Professional Services},
  publisher={Bloomberg New Energy Finance},
  year={2018},
  note = "Acessado em 6 maio 2023"}
  
@article{BORCHERS:22,
  title={Neoliberalismo e o esvaziamento do Estado no transporte p{\'u}blico de Araraquara--SP},
  author={Borchers, Tatiane and Figueir{\^o}a-Ferreira, Victor Garcia},
  journal={Cadernos Metr{\'o}pole},
  volume={24},
  pages={549--576},
  year={2022},
  publisher={SciELO Brasil}
}

@book{BRADLEY:77,
  title={Applied mathematical programming},
  author={Stephen P. Bradley and Arnoldo C. Hax and Thomas L. Magnanti},
  year={1977},
  howpublished = "\url{http://web.mit.edu/15.053/www/AMP.htm}",
  publisher={Addison-Wesley}
}

@article{BRIDGELALL:22,
  title={Tutorial and Practice in Linear Programming: Optimization Problems in Supply Chain and Transport Logistics},
  author={Bridgelall, Raj},
  journal={arXiv preprint arXiv:2211.07345},
  year={2022}
}

  @article{BURSZTYN:15,
  url = {https://www.scielo.br/j/se/a/dTKndwcc5BcLbmb7fqyYPqr/?format=pdf&lang=pt},
  year = {2015},
  publisher = {{FapUNIFESP} ({SciELO})},
  volume = {30},
  number = {2},
  pages = {471--493},
  author = {Marcel Bursztyn and Fl{\'{a}}vio Eir{\'{o}}},
  title = {Mudan{\c{c}}as clim{\'{a}}ticas e distribui{\c{c}}{\~{a}}o social da percep{\c{c}}{\~{a}}o de risco no Brasil},
  journal = {Sociedade e Estado}
}

 @book{BUTTERFIELD:16,
  title={A dictionary of computer science},
  author={Butterfield, Andrew and Ngondi, Gerard Ekembe and Kerr, Anne},
  year={2016},
  publisher={Oxford University Press}
} 

 @misc{CARBONNELLE:23,
title={PYPL PopularitY of Programming Language},
author={Pierre Carbonnelle},
url={https://pypl.github.io/PYPL.html},
note="Acessado em 20 jul 2023"
}

 @misc{CARRANO:19,
author={Eduardo Gontijo Carrano},
title={Branch and Cut},
url={http://www.cpdee.ufmg.br/~lusoba/disciplinas/eee933/slides/carrano/07b_BaC.pdf},
year={2019},
note="Acessado em 19 jul 2023",
organization={Universidade Federal de Minas Gerais}}

@article{CATALDO:22,
  title={Mathematical model for the electric vehicle routing problem considering the state of charge of the batteries},
  author={Cataldo-D{\'\i}az, Cristian and Linfati, Rodrigo and Escobar, John Willmer},
  journal={Sustainability},
  volume={14},
  number={3},
  pages={1645},
  year={2022},
  publisher={MDPI}
}

@misc{Cbc,
  doi = {10.5281/ZENODO.7843975},
  url = {https://zenodo.org/record/7843975},
  author = {Forrest,  John and Ralphs,  Ted and {Haroldo Gambini Santos} and Vigerske,  Stefan and Forrest,  John and Hafer,  Lou and Kristjansson,  Bjarni and {Jpfasano} and {EdwinStraver} and Lubin,  Miles and {Jan-Willem} and {Rlougee} and {Jpgoncal1} and Brito,  Samuel and {H-I-Gassmann} and {,  Cristina} and Saltzman,  Matthew and {Tosttost} and Pitrus,  Bruno and MATSUSHIMA,  Fumiaki and {To-St}},
  title = {coin-or/Cbc: Release releases/2.10.10},
  publisher = {Zenodo},
  year = {2023},
  copyright = {Open Access}
}

@software{Centenaro:23,
author = {Centenaro, Pedro Henrique},
howpublished = "\url{https://github.com/phcentenaro7/Caique.jl}",
title = {{Caique.jl}},
author = {Centenaro, Pedro Henrique},
month = apr,
title = {{Caique.jl}},
version = {0.0.0},
year = {2023}
}

@misc{CHALAWSKY:22,
author={Mike Chalawsky and Nathan Kendrick and Daniel Lane and James Ramos},
title={Branch and price},
url={https://optimization.cbe.cornell.edu/index.php?title=Branch_and_price},
year={2022},
note="Acessado em 20 jul 2023",
organization={Cornell University}
}

@article{CLAUSEN:99,
  title={Branch and bound algorithms-principles and examples},
  author={Clausen, Jens},
  journal={Department of Computer Science, University of Copenhagen},
  pages={1--30},
  year={1999}
}

 @article{CORDEAU:05,
  title={Short-Haul Routing},
  author={Cordeau, Jean-Fran{\c{c}}ois and Laporte, Gilbert and Savelsbergh, Martin WP and Vigo, Daniele},
  year={2005}
}

  @article{CPLEX,
  title={V12. 1: User’s Manual for CPLEX},
  author={Cplex, IBM ILOG},
  journal={International Business Machines Corporation},
  volume={46},
  number={53},
  pages={157},
  year={2009}
} 

  @article{DANTZIG:54,
  title={Solution of a large-scale traveling-salesman problem},
  author={Dantzig, George and Fulkerson, Ray and Johnson, Selmer},
  journal={Journal of the operations research society of America},
  volume={2},
  number={4},
  pages={393--410},
  year={1954},
  publisher={INFORMS}
}

@article{DANTZIG:59,
  title={The truck dispatching problem},
  author={Dantzig, George B and Ramser, John H},
  journal={Management science},
  volume={6},
  number={1},
  pages={80--91},
  year={1959},
  publisher={Informs}
}

@inbook{DANTZIG:90,
author = {Dantzig, George B.},
title = {Origins of the Simplex Method},
year = {1990},
isbn = {0201508141},
publisher = {Association for Computing Machinery},
address = {New York, NY, USA},
url = {https://doi.org/10.1145/87252.88081},
booktitle = {A History of Scientific Computing},
pages = {141–151},
numpages = {11}
}

@article{DOLAN:02,
  doi = {10.1007/s101070100263},
  url = {https://doi.org/10.1007/s101070100263},
  year = {2002},
  month = jan,
  publisher = {Springer Science and Business Media {LLC}},
  volume = {91},
  number = {2},
  pages = {201--213},
  author = {Elizabeth D. Dolan and Jorge J. Mor{\'{e}}},
  title = {Benchmarking optimization software with performance profiles},
  journal = {Mathematical Programming}
}

@report{FEM:15,
 author = {Fórum Econômico Mundial},
 title={Deep Shift -- Technology Tipping Points and Societal Impact},
 year={2015},
 howpublished = "\url{https://www3.weforum.org/docs/WEF_GAC15_Technological_Tipping_Points_report_2015.pdf}",
 note = "Acessado em 1 maio 2023"}

@article{FEOFILOFF:11,
  title={Uma introdu{\c{c}}{\~a}o sucinta {\`a} teoria dos grafos},
  author={Feofiloff, Paulo and Kohayakawa, Yoshiharu and Wakabayashi, Yoshiko},
  year={2011}
}

@book{FERRIS:07,
  title={Linear programming with MATLAB},
  author={Ferris, Michael C and Mangasarian, Olvi L and Wright, Stephen J},
  year={2007},
  publisher={SIAM}
}

@phdthesis{FROGER:17,
  title={New formulations for the electric vehicle routing problem with nonlinear charging functions},
  author={Froger, Aur{\'e}lien and Mendoza, Jorge E and Laporte, Gilbert and Jabali, Ola},
  year={2017},
  school={Centre interuniversitaire de recherche sur les reseaux d'entreprise, la~…}
}

@inproceedings{FÜGENSCHUH:04,
  title={Integrated optimization of school starting times and public bus services},
  author={F{\"u}genschuh, Armin and Martin, Alexander and St{\"o}veken, Peter},
  booktitle={Operations Research Proceedings 2004: Selected Papers of the Annual International Conference of the German Operations Research Society (GOR). Jointly Organized with the Netherlands Society for Operations Research (NGB) Tilburg, September 1--3, 2004},
  pages={150--157},
  year={2004},
  organization={Springer}
}

@article{FÜGENSCHUH:09,
title = {Solving a school bus scheduling problem with integer programming},
journal = {European Journal of Operational Research},
volume = {193},
number = {3},
pages = {867-884},
year = {2009},
issn = {0377-2217},
doi = {https://doi.org/10.1016/j.ejor.2007.10.055},
url = {https://www.sciencedirect.com/science/article/pii/S0377221707010910},
author = {Armin Fügenschuh},
keywords = {Integer programming, Vehicle scheduling, Coupled time windows, Real-world applications},
abstract = {In many rural areas in Germany pupils on the way to school are a large if not the largest group of customers in public transport. If all schools start more or less at the same time then the bus companies need a high number of vehicles to serve the customer peak in the morning rush hours. In this article, we present an integer programming model for the integrated coordination of the school starting times and the public bus services. We discuss preprocessing techniques, model reformulations, and cutting planes that can be incorporated into a branch-and-cut algorithm. Computational results show that in our test counties a much lower number of buses would be sufficient if the schools start at different times.}
}

@article{GAVISH:78,
author = {Gavish, Bezalel and Graves, Stephen},
year = {1978},
title = {The Traveling Salesman Problem and Related Problems}
}

@manual{GLPK,
 title = {GNU Linear Programming Kit},
 author = {Andrew Makhorin},
 organization = {Department for Applied Informatics, Moscow Aviation Institute},
 year = {2013},
 howpublished = "\url{http://most.ccib.rutgers.edu/glpk.pdf}"}

@article{GUO:19,
  title={Customized bus routing problem with time window restrictions: model and case study},
  author={Guo, Rongge and Guan, Wei and Zhang, Wenyi and Meng, Fanting and Zhang, Zixian},
  journal={Transportmetrica A: Transport Science},
  volume={15},
  number={2},
  pages={1804--1824},
  year={2019},
  publisher={Taylor \& Francis}
}

@misc{Gurobi,
  author = {{Gurobi Optimization, LLC}},
  title = {{Gurobi Optimizer Reference Manual}},
  year = 2023,
  url = "https://www.gurobi.com"
}

@misc{GUROBI:22,
	author = {{Gurobi Optimization, LLC}},
	title = {{M}ixed-{I}nteger {P}rogramming ({M}{I}{P}) – {A} {P}rimer on the {B}asics},
	howpublished = {\url{https://www.gurobi.com/resources/mixed-integer-programming-mip-a-primer-on-the-basics/}},
	year = {2022},
	note ="Acessado em 18 jul 2023",
}

@article{HELLMARK:22,
  title={A practical framework for the electric vehicle routing problem},
  author={Hellmark, Johan},
  year={2022}
}

@article{HIERMANN:16,
  title={The electric fleet size and mix vehicle routing problem with time windows and recharging stations},
  author={Hiermann, Gerhard and Puchinger, Jakob and Ropke, Stefan and Hartl, Richard F},
  journal={European Journal of Operational Research},
  volume={252},
  number={3},
  pages={995--1018},
  year={2016},
  publisher={Elsevier}
}

@book{HOLANDA:20,
 place={São Paulo, SP},
 edition={27},
 title={Raízes do Brasil},
 publisher={Companhia das Letras},
 author={Sérgio Buarque de Holanda and Cândido Antônio and Evaldo Cabral de Mello},
 year={2020}}

@article{IPEA:00,
  title={Fun{\c{c}}{\~o}es e medidas da ruralidade no desenvolvimento contempor{\^a}neo},
  author={Abramovay, Ricardo},
  year={2000},
  journal={Instituto de Pesquisa Econ{\^o}mica Aplicada (IPEA)},
  url= {https://repositorio.ipea.gov.br/bitstream/11058/2360/1/TD_702.pdf}
}

@article{IPEA:10,
  title={Evolu{\c{c}}{\~a}o urbana e espraiamento na Regi{\~a}o Metropolitana de S{\~a}o Paulo},
  author={Nadalin, Vanessa Gapriotti and Igliori, Danilo Camargo},
  year={2010},
  journal={Instituto de Pesquisa Econ{\^o}mica Aplicada (IPEA)}
}

@techreport{IPEA:16,
  title={Desafios da mobilidade urbana no Brasil},
  author={de Carvalho, Carlos Henrique Ribeiro},
  year={2016},
  institution={Instituto de Pesquisa Econ{\^o}mica Aplicada (IPEA)},
  url = {https://repositorio.ipea.gov.br/bitstream/11058/6664/1/td_2198.pdf}
}

@article{ISSABAKHSH:18,
  title={A vehicle routing problem for modeling home healthcare: a case study},
  author={Issabakhsh, Mona and Hosseini-Motlagh, Seyyed-Mahdi and Pishvaee, Mir-Saman and Saghafi Nia, Mojtaba},
  journal={International Journal of Transportation Engineering},
  volume={5},
  number={3},
  pages={211--228},
  year={2018},
  publisher={Tarrahan Parseh Transportation Research Institute}
}

@article{JULIA,
  title        = "Julia: A Fresh Approach to Numerical Computing",
  author       = {Jeff Bezanson and Alan Edelman and Stefan Karpinski and Viral B. Shah},
  journal  = "SIAM Review",
  year     = 2017,
  volume   = "59",
  number   = "1",
  pages    = "65--98",
}

@article{JuMP,
  title        = "JuMP: A Modeling Language for
Mathematical Optimization",
  author       = {Iain Dunning and Joey Huchette and Miles Lubin},
  journal  = "SIAM Review",
  year     = 2017,
  volume   = "59",
  number   = "2",
  pages    = "295--320",
}

@Inbook{KALLEHAUGE:05,
author="Kallehauge, Brian
and Larsen, Jesper
and Madsen, Oli B.G.
and Solomon, Marius M.",
editor="Desaulniers, Guy
and Desrosiers, Jacques
and Solomon, Marius M.",
title="Vehicle Routing Problem with Time Windows",
bookTitle="Column Generation",
year="2005",
publisher="Springer US",
address="Boston, MA",
pages="67--98",
isbn="978-0-387-25486-9",
doi="10.1007/0-387-25486-2_3",
url="https://doi.org/10.1007/0-387-25486-2_3"
} 

@misc{KARVE:22,
title={Linear and Mixed Integer Programming},
author={Vaibhav Karve},
url={https://vaibhavkarve.github.io/linear_programming.html},
note="Acessado em 18 jul 2023"
}

@article{KESKIN:18,
  title={A matheuristic method for the electric vehicle routing problem with time windows and fast chargers},
  author={Keskin, Merve and {\c{C}}atay, B{\"u}lent},
  journal={Computers \& operations research},
  volume={100},
  pages={172--188},
  year={2018},
  publisher={Elsevier}
}

@incollection{LAPORTE:87,
  title={Exact algorithms for the vehicle routing problem},
  author={Laporte, Gilbert and Nobert, Yves},
  booktitle={North-Holland mathematics studies},
  volume={132},
  pages={147--184},
  year={1987},
  publisher={Elsevier}
}

@misc{LAVROV:19,
title={Lecture 33: Integer Programming},
author={Mikhail Lavrov},
organization={University of Illinois Urbana-Champaign},
year={2019},
url={https://faculty.math.illinois.edu/~mlavrov/docs/482-fall-2019/lecture33.pdf},
note="Acessado em 18 jul 2023"
}

@misc{LEGAT:20,
      title={MathOptInterface: a data structure for mathematical optimization problems}, 
      author={Benoit Legat and Oscar Dowson and Joaquim Dias Garcia and Miles Lubin},
      year={2020},
      eprint={2002.03447},
      archivePrefix={arXiv},
      primaryClass={math.OC}
}

@misc{LEUNG:12,
author={Zachary Leung},
title={Gomory Cuts and a little more},
url={https://ocw.mit.edu/courses/15-053-optimization-methods-in-management-science-spring-2013/resources/mit15_053s13_tut11/},
year={2012},
note="Acessado em 20 jul 2023",
organization={Massachusetts Institute of Technology}}

@booklet{LEWIS:08,
  year      = {2008},
  author    = {Catherine Lewis}, 
  title     = {Linear Programming: Theory and Applications},
  howpublished = {Whitman College Mathematic Department},
  pages     = {7-9}
}

@article{LIMA:19,
  title={Mobilidade el{\'e}trica: o {\^o}nibus el{\'e}trico aplicado ao transporte p{\'u}blico no Brasil},
  author={Greg{\'o}rio Costa Luz de Souza Lima and Gabriel Lassery Rocha da Silva and Genezio dos Santos Albuquerque Neto},
  journal={Revista dos Transportes P{\'u}blicos-ANTP-Ano},
  volume={41},
  pages={2{\textordmasculine}},
  year={2019}
}

@book{LITMAN:12,
  title={Evaluating public transportation health benefits},
  author={Litman, Todd},
  year={2012},
  publisher={Victoria Transport Policy Institute Victoria, BC, Canada}
}

@phdthesis{LRSANTOS:14,
  author       = {Luiz Rafael dos Santos}, 
  title        = {Escolha Otimizada de Parâmetros em Métodos de Pontos Interiores para Programação Linear},
  school       = {Universidade Estadual de Campinas},
  year         = {2014},
  url          = {http://repositorio.unicamp.br/Busca/Download?codigoArquivo=502752},
  pages        = {7}
}

@article{MARICATO:15,
  title={Para entender a crise urbana},
  author={Maricato, Erm{\'\i}nia},
  journal={CaderNAU},
  volume={8},
  number={1},
  pages={11--22},
  year={2015}
}

@article{MARKOVIC:20,
  title={The vehicle routing problem with stochastic demands in an urban area--a case study},
  author={Markovi{\'c}, Danijel and Petrov{\'c}, Goran and {\'C}ojba{\v{s}}i{\'c}, {\v{Z}}arko and Stankovi{\'c}, Aleksandar},
  journal={Facta Universitatis, Series: Mechanical Engineering},
  volume={18},
  number={1},
  pages={107--120},
  year={2020}
}

@article{MILLER:60,
author = {Miller, C. E. and Tucker, A. W. and Zemlin, R. A.},
title = {Integer Programming Formulation of Traveling Salesman Problems},
year = {1960},
issue_date = {Oct. 1960},
publisher = {Association for Computing Machinery},
address = {New York, NY, USA},
volume = {7},
number = {4},
issn = {0004-5411},
url = {https://doi.org/10.1145/321043.321046},
doi = {10.1145/321043.321046}}

@misc{MOHAMED:21,
	author = {Ouaguenouni Mohamed},
	title = {{A} comprehensive study of {M}ixed {I}nteger {P}rogramming with {J}u{M}{P} on {J}ulia ({P}art 1) --- towardsdatascience.com},
	howpublished = {\url{https://towardsdatascience.com/a-comprehensive-study-of-mixed-integer-programming-with-jump-on-julia-part-1-8d47418324d4}},
	year = {2021},
	note ="Acessado em 18 jul 2023"
}

@misc{OR-Tools,
  title        = "Vehicle Routing",
  author       = {Google},
  howpublished = "\url{https://developers.google.com/optimization/routing}",
  year         = 2021,
  note         = "Acessado em 16 set. 2022"
  }

@misc{OR-Tools-VRP,
  title        = "Vehicle Routing Problem",
  author       = {Google},
  howpublished = "\url{https://developers.google.com/optimization/routing/vrp}",
  year         = 2021,
  note         = "Acessado em 8 maio 2023"
  }

@article{PEREIRA:21,
  title={Tend{\^e}ncias e desigualdades da mobilidade urbana no Brasil I: o uso do transporte coletivo e individual},
  author={Pereira, Rafael Henrique Moraes and Warwar, Lucas and Parga, Jo{\~a}o and Bazzo, Jo{\~a}o and Braga, Carlos Kau{\^e} Vieira and Herszenhut, Daniel and Saraiva, Marcus},
  year={2021},
  publisher={Instituto de Pesquisa Econ{\^o}mica Aplicada (Ipea)}
}

@article{PRECHELT:00,
  title={An empirical comparison of seven programming languages},
  author={Lutz Prechelt},
  journal={Computer},
  volume={33},
  number={10},
  pages={23--29},
  year={2000},
  publisher={IEEE}
}

@article{PRESTES:20,
  title={Introdu{\c{c}}{\~a}o {\`a} Teoria dos Grafos},
  author={Prestes, Edson},
  journal={Universidade Federal do Rio Grande do Sul, Instituto de Inform{\'a}tica, Departamento de Inform{\'a}tica Te{\'o}rica, Tech. Rep},
  year={2020}
}

@misc{RAVELO:20,
author={Santiago Valdés Ravelo},
title={Cutting planes and valid inequalities},
url={https://www.inf.ufrgs.br/~svravelo/assets/slides/PLI_11.pdf},
year=2020,
note="Acessado em 20 jul 2023",
organization={Universidade Federal do Rio Grande do Sul}}

@misc{RICARTE:00,
title={Bytecodes},
author={Ivan Luiz Marques Ricarte},
url={https://www.dca.fee.unicamp.br/cursos/PooJava/javaenv/bytecode.html},
note="Acessado em 20 jul 2023"}

@article{SAIYED:12,
  title={The traveling salesman problem},
  author={Saiyed, Amanur Rahman},
  journal={Indiana State University},
  volume={2},
  pages={1--15},
  year={2012}
}

@misc{SCHADE:23,
title={99 Bottles of Beer},
author={Oliver Schade and Gregor Scheithauer and Stefan Scheler},
url={http://www.99-bottles-of-beer.net/team.html},
year={2023},
note="Acessado em 20 jul 2023",
}

@misc{SCHARDL:18,
    title = {6.172 Performance Engineering of Software Systems -- Lecture 5 -- C to Assembly},
    author = {Tao B. Schardl},
    year = {2018},
    howpublished = "\url{https://ocw.mit.edu/courses/6-172-performance-engineering-of-software-systems-fall-2018/b0d1c7f457920326cef5c958237ea743_MIT6_172F18_lec5.pdf}",
    note = "Acessado em 12 maio 2023"
}

@misc{SCHERMER:23,
title = {Traveling Salesperson Problem · JuMP},
author = {Daniel Schermer},
year={2023},
howpublished = "\url{https://jump.dev/JuMP.jl/stable/tutorials/algorithms/tsp_lazy_constraints/}",
note = "Acessado em 14 maio 2023"
}

@book{SCHWAB:19,
 place={São Paulo, SP},
 edition={1},
 title={A Quarta Revolução industrial},
 publisher={Edipro},
 author={Schwab, Klaus},
 year={2019}}

@article{SHERBENY:10,
  title={Vehicle routing with time windows: An overview of exact, heuristic and metaheuristic methods},
  author={El-Sherbeny, Nasser A},
  journal={Journal of King Saud University-Science},
  volume={22},
  number={3},
  pages={123--131},
  year={2010},
  publisher={Elsevier}
}

@misc{SIQUEIRA:22,
  title        = "Modelagem em Otimização - Caixeiro Viajante",
  author       = {Abel S. Siqueira},
  howpublished = "\url{https://youtu.be/92H0CqHZIvc}",
  year         = 2021,
  note         = "Acessado em 16 set. 2022"
  }

@misc{SOBRAPO:17,
title={O que é pesquisa operacional?},
url={https://www.sobrapo.org.br/o-que-e-pesquisa-operacional#:~:text=Pesquisa%20Operacional%20(PO)%20é%20a,diversas%20áreas%20de%20atuação%20humana.},
journal={Desenvolvimento da Pesquisa Operacional},
author={SOBRAPO},
year={2017}}

@article{SRINATH:17,
  title={Python--the fastest growing programming language},
  author={Srinath, KR},
  journal={International Research Journal of Engineering and Technology},
  volume={4},
  number={12},
  pages={354--357},
  year={2017}
}

@article{TORO:16,
  title={Literature review on the vehicle routing problem in the green transportation context},
  author={Toro O, Eliana M and Escobar Z, Antonio H and Granada E, Mauricio},
  journal={Luna Azul},
  number={42},
  pages={362--387},
  year={2016},
  publisher={Universidad de Caldas}
}

@misc{TORVALDS:23,
title={Linux kernel source tree},
author={Linus Torvalds},
url={https://github.com/torvalds/linux},
year={2023},
note="Acessado em 20 jul 2023"
}

@misc{UCHOA:21,
author = {Eduardo Uchoa},
title = {VRPSolver: um pacote para o desenvolvimento de algoritmos exatos},
howpublished = {\url{https://www.youtube.com/watch?v=tDXLvMtFbm4}},
year = {2021},
note= "Acessado em 31 maio 2023"
}

@misc{UFRGS:LU,
  title        = "Fatoração LU",
  author       = {REAMAT - UFRGS},
  howpublished = "\url{https://www.ufrgs.br/reamat/CalculoNumerico/livro-oct/sdsl-fatoracao_lu.html}",
  year         = 2020,
  note         = "Acessado em 22 abr. 2023"
  }

@mastersthesis{VIEIRA:13, title={Metaheuristica para a Solução de Problemas de Roteamento de Veículos com Janela de Tempo}, url={https://www.ime.unicamp.br/~chico/tese_heloisa.pdf}, school={Universidade Estadual de Campinas}, author={Vieira, Heloisa Passarelli}, year={2013}}

@misc{WAITE:09,
title={What Programming Language is Windows written in?},
author={Ryan Waite},
url={https://social.microsoft.com/Forums/en-US/65a1fe05-9c1d-48bf-bd40-148e6b3da9f1/what-programming-language-is-windows-written-in?forum=windowshpcacademic},
year={2009},
note="Acessado em 20 jul 2023"}

@article{ZAMBITO:06,
  title={The traveling salesman problem: a comprehensive survey},
  author={Zambito, Leonardo},
  journal={Project for CSE},
  volume={4080},
  year={2006},
  publisher={Citeseer}
}

@article{ZHANG:21,
  title={Optimal electric bus fleet scheduling considering battery degradation and non-linear charging profile},
  author={Zhang, Le and Wang, Shuaian and Qu, Xiaobo},
  journal={Transportation Research Part E: Logistics and Transportation Review},
  volume={154},
  pages={102445},
  year={2021},
  publisher={Elsevier}
}

@article{ZUO:19,
  title={A new formulation of the electric vehicle routing problem with time windows considering concave nonlinear charging function},
  author={Zuo, Xiaorong and Xiao, Yiyong and You, Meng and Kaku, Ikou and Xu, Yuchun},
  journal={Journal of Cleaner Production},
  volume={236},
  pages={117687},
  year={2019},
  publisher={Elsevier}
}